@Misc{berry1,
title = {Raspberry Remote Desktop},
url = {http://jankarres.de/2014/02/raspberry-pi-remote-desktop-installieren/},
key = {berry1},
}

@Misc{berry2,
title = {Webserver},
url = {http://www.forum-raspberrypi.de/Thread-tutorial-raspberry-pi-als-webserver-apache-2-installation},
key = {berry2},
}

@Misc{berry3,
title = {PHP5},
url = {http://wiki.ubuntuusers.de/php},
key = {berry3},
}

@Misc{berry4,
title = {Qt Creator},
url = {https://wiki.qt.io/Apt-get_Qt4_on_the_Raspberry_Pi},
key = {berry4},
}

@Misc{berry5,
title = {C-Berry Touch},
url = {http://www.forum-raspberrypi.de/Thread-test-c-berry-3-5-tft-display},
key = {berry5},
}

@Misc{berry6,
title = {4DPi-35 Touchscreen},
url = {http://www.4dsystems.com.au/productpages/4DPi-35/downloads/4DPi-35_datasheet_R_1_3.pdf},
key = {berry6},
}

@Misc{berry7,
title = {Bootlogo},
url = {http://www.edv-huber.com/index.php/problemloesungen/15-custom-splash-screen-for-raspberry-pi-raspbian},
key = {berry7},
}

@Misc{berry8,
title = {send mail},
url = {http://www.gtkdb.de/index_36_2296.html},
key = {berry8},
}

@Misc{berry9,
title = {send mail with attachment},
url = {http://www.gtkdb.de/index_36_2678.html},
key = {berry9},
}

@Misc{,
title = {  },
url = {},
key = {},
}

@Misc{,
title = {  },
url = {},
key = {},
}

@Misc{,
title = {  },
url = {},
key = {},
}